@online{VkTech,
  author       = {VKTech},
  title        = {Официальный сайт VK Tech},
  year         = {2024},
  url          = {https://tech.mail.ru/},
  urldate      = {2024-07-28},
  language     = {russian}
}
@online{Tarantool,
  author       = {Tarantool},
  title        = {Официальный сайт Tarantool},
  year         = {2024},
  url          = {https://www.tarantool.io/ru/},
  urldate      = {2024-07-28},
  language     = {russian}
}
@online{TarantoolDoc,
  author       = {Tarantool},
  title        = {Documentation},
  year         = {2024},
  url          = {https://www.tarantool.io/en/doc/latest/},
  urldate      = {2024-07-28},
  language     = {russian}
}
