@book{tanenbaum,
    author = {{Таненбаум Э., Уэзеролл Д.}},
    title = {Компьютерные сети. 6-е изд.},
    address   = {Спб.: Питер},
    year = 2023,
    pages = 992,
}

@online{openwrt,
    author       = {OpenWrt},
    title        = {Documentation},
    url          = {https://openwrt.org/docs/start},
    urldate      = {2024-10-25},
    year         = {2024},
}

@online{cron,
    author       = {GitLab},
    title        = {Cron syntax},
    url          = {https://docs.gitlab.com/ee/topics/cron/},
    urldate      = {2024-10-25},
    year         = {2024},
}

@online{dnscrypt,
    author       = {OpenWrt},
    title        = {DNSCrypt with Dnsmasq and dnscrypt-proxy2},
    url          = {https://openwrt.org/docs/guide-user/services/dns/dnscrypt_dnsmasq_dnscrypt-proxy2},
    urldate      = {2024-10-25},
    year         = {2024},
}
